%%%%%%%%%%%%%%%%%%%%%%%%%%%%%%%%%%%%%%%%
% misc
%%%%%%%%%%%%%%%%%%%%%%%%%%%%%%%%%%%%%%%%

@misc{dawson,
title = "{In Memoriam John M. Dawson}",
howpublished = {\url{https://senate.universityofcalifornia.edu/_files/inmemoriam/html/johnmdawson.htm}},
year={2001},
}


@misc{zhu2012modeling,
author= {Guo-Qiang Zhu},
title = "Modeling of Plasma Dynamics and Pattern Formation During High Pressure Microwave Breakdown in Air",
howpublished = {Ph. D thesis},
year={2012}
}



%%%%%%%%%%%%%%%%%%%%%%%%%%%%%%%%%%%%%%%%
% book
%%%%%%%%%%%%%%%%%%%%%%%%%%%%%%%%%%%%%%%%

@book{chen1986plasma,
  author = {Francis F. Chen},
  title = {Introduction to Plasma Physics and Controlled Fusion},
  publisher = {Springer},
  year = {1986}
} 

@book{raizer1987gas,
  author = {Yuri Raizer},
  title = {Gas Discharge Physics},
  publisher = {Springer},
  year = {1987}
} 

@book{macdonald1966microwave,
  author = {A. D. MaxDonald},
  title = {Microwave Breakdown in Gases},
  publisher = {John Wiley and Sons, New York},
  year = {1966}
} 

@book{townsend1910,
  author = {J. S. Townsend},
  title = {The Theory of Ionization of Gases by Collision},
  publisher = {Constable and Company Ltd., London},
  year = {1910}
} 

@book{lieberman2005,
  author = {Michael A. Lieberman and Alan J. Lichtenberg},
  title = {Principles of Plasma Discharges and Materials Processing},
  publisher = {John Wiley and Sons, New York},
  year = {2005}
} 

@book{birdsall2004,
  author = {C. K. Birdsall and A. B. Langdon},
  title = {Plasma Physics via Computer Simulation},
  publisher = {Taylor and Francis},
  year = {2004}
} 

@book{albert1950,
  author = {Albert Einstein},
  title = {The Theory of Relativity and Other Essays},
  publisher = {Open Road Media},
  year = {2011}
} 

@book{chen2013,
  author = {Francis F. Chen and Jane P. Chang},
  title = {Lecture Notes on Principles of Plasma Processing},
  publisher = {Springer},
  year = {2013}
} 


@book{hamming1962,
  author = {Richard Hamming},
  title = {Numerical Methods for Scientists and Engineers},
  publisher = {New York: McGraw-Hill},
  year = {1962}
} 

@book{boyd2003,
  author = {T. J. Boyd and J. J. Sanderson},
  title = {The Physics of Plasma},
  publisher = {Cambridge},
  year = {2003}
} 

@book{diamond2010,
  author = {Patrick H. Diamond and Sanae Itoh and Kimitaka Itoh},
  title = {Modern Plasma Physics, Volume 1: Physical Kinetics of Turbulent Plasmas},
  publisher = {Cambridge},
  year = {2010}
} 

@book{fridman2012,
  author = {A. Fridman},
  title = {Plasma Chemistry},
  publisher = {Cambridge University Press},
  year = {2012}
} 

%%%%%%%%%%%%%%%%%%%%%%%%%%%%%%%%%%%%%%%%
% article
%%%%%%%%%%%%%%%%%%%%%%%%%%%%%%%%%%%%%%%%

@article{langmuir1929tonks,
  title={Oscillations in Ionized Gases},
  author={Lewi Tonks and Irving Langmuir},
  journal={Physical Review},
  volume={33},
  number={8},
  pages={195-210},
  year={1929}
}

@article{saha1920ionisation,
  title={Ionisation in the solar chromosphere},
  author={Saha, M. N.},
  journal={Nature},
  volume={105},
  number={2634},
  pages={232},
  year={1920},
  publisher={Nature Publishing Group}
}

@article{debye1923the,
  title={The Theory of electrolytes.I. lowering of freezing point and related phenomena},
  author={P. Debye and E. Huckel},
  journal={Physikalische Zeitschrift},
  volume={24},
  pages={185-206},
  year={1923}
}

@article{paschen1889ueber,
  title={Ueber die zum Funken{\"u}bergang in Luft, Wasserstoff und Kohlens{\"a}ure bei verschiedenen Drucken erforderliche Potentialdifferenz},
  author={Paschen, Friedrich},
  journal={Annalen der Physik},
  volume={273},
  number={5},
  pages={69--96},
  year={1889},
  publisher={Wiley Online Library}
}

@article{khodataev2008microwave,
  title={Microwave discharges and possible applications in aerospace technologies},
  author={Khodataev, Kirill V.},
  journal={Journal of Propulsion and Power},
  volume={24},
  number={5},
  pages={962--972},
  year={2008}
}

@article{vikharev1988nonlinear,
  title={Nonlinear dynamics of a freely localized microwave discharge in an electromagnetic wave beam},
  author={Vikharev, A. L. and Gil¡¯denburg, V. B. and Golubev, S. V. and Eremin, B. G. and Ivanov, O. A. and Litvak, A. G. and Stepanov, A. N. and Yunakovskii, A. D.},
  journal={Sov. Phys. JETP},
  volume={67},
  number={4},
  pages={724--8},
  year={1988}
}

@article{suzuki2015new,
  title={New line plasma source excited by 2.45 GHz microwave at atmospheric pressure},
  author={Suzuki, Haruka and Nakano, Suguru and Itoh, Hitoshi and Sekine, Makoto and Hori, Masaru and Toyoda, Hirotaka},
  journal={Applied Physics Express},
  volume={8},
  number={3},
  pages={036001},
  year={2015},
  publisher={IOP Publishing}
}

@article{box1976science,
  title={Science and statistics},
  author={Box, George E. P.},
  journal={Journal of the American Statistical Association},
  volume={71},
  number={356},
  pages={791--799},
  year={1976},
  publisher={Taylor \& Francis}
}


@article{dawson1983particle,
  title={Particle simulation of plasmas},
  author={Dawson, John M.},
  journal={Reviews of modern physics},
  volume={55},
  number={2},
  pages={403},
  year={1983},
  publisher={APS}
}

@article{maxwell1861li,
  title={On physical lines of force},
  author={Maxwell, James C.},
  journal={The London, Edinburgh, and Dublin Philosophical Magazine and Journal of Science},
  volume={21},
  number={141},
  pages={338--348},
  year={1861},
  publisher={Taylor \& Francis}
}

@article{suzuki2015characteristics,
  title={Characteristics of an atmospheric-pressure line plasma excited by 2.45 GHz microwave travelling wave},
  author={Suzuki, Haruka and Nakano, Suguru and Itoh, Hitoshi and Sekine, Makoto and Hori, Masaru and Toyoda, Hirotaka},
  journal={Japanese Journal of Applied Physics},
  volume={55},
  number={1S},
  pages={01AH09},
  year={2015},
  publisher={IOP Publishing}
}



@article{gregorio2015modeling,
  title={Modeling of microplasmas from GHz to THz},
  author={Greg{\'o}rio, J. and Hoskinson, A. R. and Hopwood, J.},
  journal={Journal of Applied Physics},
  volume={118},
  number={8},
  pages={083305},
  year={2015},
  publisher={AIP Publishing}
}


@article{richards1987continuum,
  title={Continuum modeling of argon radio frequency glow discharges},
  author={Richards, Albert D. and Thompson, Brian E. and Sawin, Herbert H.},
  journal={Applied physics letters},
  volume={50},
  number={9},
  pages={492--494},
  year={1987},
  publisher={AIP}
}


@article{hoskinson2015electron,
  title={Electron confinement and heating in microwave-sustained argon microplasmas},
  author={Hoskinson, Alan R. and Greg{\'o}rio, Jos{\'e} and Parsons, Stephen and Hopwood, Jeffrey},
  journal={Journal of Applied Physics},
  volume={117},
  number={16},
  pages={163301},
  year={2015},
  publisher={AIP Publishing}
}


@article{chaudhury2011physics,
  title={Physics and modelling of microwave streamers at atmospheric pressure},
  author={Chaudhury, Bhaskar and Boeuf, Jean-Pierre and Zhu, Guo-Qiang and Pascal, Olivier},
  journal={Journal of Applied Physics},
  volume={110},
  number={11},
  pages={113306},
  year={2011},
  publisher={AIP}
}

@article{nam2009theory,
  title={Theory of filamentary plasma array formation in microwave breakdown at near-atmospheric pressure},
  author={Nam, Sang Ki and Verboncoeur, John P.},
  journal={Physical review letters},
  volume={103},
  number={5},
  pages={055004},
  year={2009},
  publisher={APS}
}

@article{guo2006fdtd,
  title={FDTD numerical simulation of absorption of microwaves in an unmagnetized atmosphere plasma},
  author={Guo, Bin and Wang, Xiaogang and Zhang, Yu},
  journal={Plasma Science and Technology},
  volume={8},
  pages={558--560},
  year={2006}
}

%%%%weiyong%%%%

@article{guo2005power,
  title={Power absorption of high-frequency electromagnetic waves in a partially ionized magnetized plasma},
  author={Guo, Bin and Wang, Xiaogang},
  journal={Physics of plasmas},
  volume={12},
  number={8},
  pages={084506},
  year={2005},
  publisher={AIP}
}

@article{koretzky1998characterization,
  title={Characterization of an atmospheric pressure plasma generated by a plasma torch array},
  author={Koretzky, E. and Kuo, S. P.},
  journal={Physics of Plasmas},
  volume={5},
  number={10},
  pages={3774--3780},
  year={1998},
  publisher={AIP}
}

@article{guo2017propagation,
  title={Propagation of terahertz electromagnetic waves in a magnetized plasma with inhomogeneous electron density and collision frequency},
  author={Guo, LinJing and Guo, LiXin and Li, JiangTing},
  journal={Physics of Plasmas},
  volume={24},
  number={2},
  pages={022108},
  year={2017},
  publisher={AIP Publishing}
}

@article{study2016,
  title={Study on the electromagnetic waves propagation characteristics in partially ionized plasma slabs},
  author={Zhi-Bin Wang and Bo-Wen Li and Qiu-Yue Nie and Xiao-Gang Wang and Fan-Rong Kong},
  journal={AIP Advances},
  volume={6},
  pages={055312},
  year={2016},
  publisher={AIP Publishing}
}


@article{arcese2017plasma,
  title={Plasma fluid modeling of microwave streamers: Approximations and accuracy},
  author={Arcese, Emanuele and Rogier, Fran{\c{c}}ois and Boeuf, Jean-Pierre},
  journal={Physics of Plasmas},
  volume={24},
  number={11},
  pages={113517},
  year={2017},
  publisher={AIP Publishing}
}

@article{chaudhury2010pattern,
  title={Pattern formation and propagation during microwave breakdown},
  author={Chaudhury, Bhaskar and Boeuf, Jean-Pierre and Zhu, Guo Qiang},
  journal={Physics of Plasmas},
  volume={17},
  number={12},
  pages={123505},
  year={2010},
  publisher={AIP}
}



%%%%%%%%%%%%%%%%%%%%%%%%%%%%%%%%%%%%%%%%
% proceedings
%%%%%%%%%%%%%%%%%%%%%%%%%%%%%%%%%%%%%%%%

@article{chaudhury2010computational,
  title={Computational studies of filamentary pattern formation in a high power microwave breakdown generated air plasma},
  author={Chaudhury, Bhaskar and Boeuf, Jean-Pierre},
  journal={IEEE transactions on plasma science},
  volume={38},
  number={9},
  pages={2281--2288},
  year={2010},
  publisher={IEEE}
}



